<?xml version="1.0" encoding="UTF-8"?><record xmlns="http://www.loc.gov/MARC21/slim" xmlns:cinclude="http://apache.org/cocoon/include/1.0" xmlns:zs="http://www.loc.gov/zing/srw/">
  <leader>00445nz  a2200145n  4500</leader>
  <controlfield tag="001">no2012078607</controlfield>
  <controlfield tag="003">DLC</controlfield>
  <controlfield tag="005">20120609075035.0</controlfield>
  <controlfield tag="008">120607n| acannaabn          |n aaa     c</controlfield>
  <datafield tag="010" ind1=" " ind2=" ">
    <subfield code="a">no2012078607</subfield>
  </datafield>
  <datafield tag="035" ind1=" " ind2=" ">
    <subfield code="a">(OCoLC)oca09219158</subfield>
  </datafield>
  <datafield tag="040" ind1=" " ind2=" ">
    <subfield code="a">ScU</subfield>
    <subfield code="b">eng</subfield>
    <subfield code="c">ScU</subfield>
  </datafield>
  <datafield tag="100" ind1="1" ind2=" ">
    <subfield code="a">Umberger, Andy</subfield>
  </datafield>
  <datafield tag="670" ind1=" " ind2=" ">
    <subfield code="a">Unstoppable (Motion picture : 2010), 2010:</subfield>
    <subfield code="b">credits (Andy Umberger)</subfield>
  </datafield>
  <datafield tag="670" ind1=" " ind2=" ">
    <subfield code="a">Internet Movie Database WWW site, May 23, 2012</subfield>
    <subfield code="b">(Andy Umberger, actor)</subfield>
  </datafield>
</record>